<?xml version="1.0" encoding="UTF-8"?><collection xmlns="http://www.loc.gov/MARC21/slim"><record><leader>00426nam--2200121-i-4500</leader><controlfield tag="001">000026053</controlfield><controlfield tag="002">20161230</controlfield><controlfield tag="005">20161230201036</controlfield><controlfield tag="008">060222s1000------------r-----000-0-eng-d</controlfield><datafield ind1=" " ind2=" " tag="080"><subfield code="a">389</subfield></datafield><datafield ind1=" " ind2=" " tag="245"><subfield code="a">Instructiuni 182-63 pentru verificarea aparatelor deincercare a duritatii cauciucului dupa metoda shore (durometre shore a). editie oficiala</subfield></datafield><datafield ind1=" " ind2=" " tag="260"><subfield code="a">Bucuresti, Dgmsi, Oficiul De Stat Pentru Metrologie, 1964. 20p</subfield></datafield><datafield ind1=" " ind2=" " tag="852"><subfield code="a">9397</subfield></datafield></record></collection>